<record><leader>00000cas a22000007a 4500</leader><controlfield tag="001">36830690</controlfield><controlfield tag="008">970430d196u1986cauwr ne      0    0eng d</controlfield><datafield ind1=" " ind2=" " tag="010"><subfield code="a">sn 97060407 </subfield></datafield><datafield ind1=" " ind2=" " tag="040"><subfield code="a">CNK</subfield><subfield code="b">eng</subfield><subfield code="c">CNK</subfield><subfield code="d">OCLCQ</subfield><subfield code="d">OCLCF</subfield></datafield><datafield ind1="1" ind2=" " tag="029"><subfield code="a">AU@</subfield><subfield code="b">000013250950</subfield></datafield><datafield ind1=" " ind2=" " tag="042"><subfield code="a">msc</subfield></datafield><datafield ind1=" " ind2=" " tag="043"><subfield code="a">n-us-ca</subfield></datafield><datafield ind1="0" ind2="4" tag="245"><subfield code="a">The timberline journal.</subfield></datafield><datafield ind1=" " ind2=" " tag="260"><subfield code="a">Skyforest, Calif. :</subfield><subfield code="b">Dick Stewart</subfield></datafield><datafield ind1=" " ind2=" " tag="300"><subfield code="a">v.</subfield></datafield><datafield ind1=" " ind2=" " tag="310"><subfield code="a">Weekly</subfield></datafield><datafield ind1="0" ind2=" " tag="362"><subfield code="a">-v. 23, no. 30 (Mar. 24, 1986).</subfield></datafield><datafield ind1=" " ind2=" " tag="500"><subfield code="a">"Serving the San Bernardino mountain communities."</subfield></datafield><datafield ind1=" " ind2=" " tag="500"><subfield code="a">Published in Lake Arrowhead, Calif., &lt;Mar. 1986&gt;</subfield></datafield><datafield ind1=" " ind2=" " tag="588"><subfield code="a">Description based on: Vol. 5, no. 52 (Sept. 12, 1968).</subfield></datafield><datafield ind1=" " ind2="0" tag="651"><subfield code="a">San Bernardino Mountains Region (Calif.)</subfield><subfield code="v">Newspapers.</subfield></datafield><datafield ind1=" " ind2="7" tag="655"><subfield code="a">Newspapers.</subfield><subfield code="2">fast</subfield><subfield code="0">(OCoLC)fst01423814</subfield></datafield><datafield ind1=" " ind2="7" tag="651"><subfield code="a">California</subfield><subfield code="z">San Bernardino Mountains Region.</subfield><subfield code="2">fast</subfield><subfield code="0">(OCoLC)fst01342933</subfield></datafield><datafield ind1=" " ind2=" " tag="752"><subfield code="a">United States</subfield><subfield code="b">California</subfield><subfield code="c">San Bernardino</subfield><subfield code="d">Lake Arrowhead.</subfield></datafield><datafield ind1=" " ind2=" " tag="752"><subfield code="a">United States</subfield><subfield code="b">California</subfield><subfield code="c">San Bernardino</subfield><subfield code="d">Skyforest.</subfield></datafield><datafield ind1="0" ind2="4" tag="785"><subfield code="t">Mountain news &amp; mountaineer</subfield><subfield code="w">(DLC)sn 95061129</subfield></datafield></record>